@article{chiou2018semiparametric,
  title={Semiparametric estimation of the accelerated mean model with panel count data under informative examination times},
  author={Chiou, Sy Han and Xu, Gongjun and Yan, Jun and Huang, Chiung-Yu},
  journal={Biometrics},
  volume={74},
  number={3},
  pages={944--953},
  year={2018},
  publisher={Wiley Online Library}
}

@article{xu2020generalized,
  title={Generalized scale-change models for recurrent event processes under informative censoring},
  author={Xu, Gongjun and Chiou, Sy Han and Yan, Jun and Marr, Kieren and Huang, Chiung-Yu},
  journal={Statistica Sinica},
  year={2020}
}

@article{chiou2017rank,
  title={Rank-based estimation for semiparametric accelerated failure time model under length-biased sampling},
  author={Chiou, Sy Han and Xu, Gongjun},
  journal={Statistics and Computing},
  volume={27},
  number={2},
  pages={483--500},
  year={2017},
  publisher={Springer}
}

@article{chiou2014fitting,
  title={Fitting Accelerated Failure Time Model in Routine Survival Analysis with R Package Aftgee},
  author={Chiou, S and Kang, Sangwook and Yan, Jun and others},
  journal={Journal of Statistical Software},
  volume={61},
  number={11},
  pages={1--23},
  year={2014}
}